{
  "table_name": "superstore",
  "schema": "csv_files",
  "database": "csv_files",
  "row_count": 9994,
  "columns": [
    {
      "name": "category",
      "type": "VARCHAR",
      "nullable": true,
      "metadata": {
        "distinct_count": 3,
        "value_distribution": [
          {
            "value": "Office Supplies",
            "count": 6026,
            "percentage": 60.3
          },
          {
            "value": "Furniture",
            "count": 2121,
            "percentage": 21.22
          },
          {
            "value": "Technology",
            "count": 1847,
            "percentage": 18.48
          }
        ]
      }
    },
    {
      "name": "sales",
      "type": "DOUBLE",
      "nullable": true,
      "metadata": {
        "distinct_count": 5825,
        "min": "0.444",
        "max": "22638.48"
      }
    },
    {
      "name": "ship_date",
      "type": "DATE",
      "nullable": true,
      "metadata": {
        "distinct_count": 1334,
        "min": "2014-01-07",
        "max": "2018-01-05"
      }
    },
    {
      "name": "product_id",
      "type": "VARCHAR",
      "nullable": true,
      "metadata": {
        "distinct_count": 1862
      }
    },
    {
      "name": "city",
      "type": "VARCHAR",
      "nullable": true,
      "metadata": {
        "distinct_count": 531
      }
    },
    {
      "name": "profit",
      "type": "DOUBLE",
      "nullable": true,
      "metadata": {
        "distinct_count": 7287,
        "min": "-6599.978",
        "max": "8399.976"
      }
    },
    {
      "name": "state",
      "type": "VARCHAR",
      "nullable": true,
      "metadata": {
        "distinct_count": 49,
        "value_distribution": [
          {
            "value": "California",
            "count": 2001,
            "percentage": 20.02
          },
          {
            "value": "New York",
            "count": 1128,
            "percentage": 11.29
          },
          {
            "value": "Texas",
            "count": 985,
            "percentage": 9.86
          },
          {
            "value": "Pennsylvania",
            "count": 587,
            "percentage": 5.87
          },
          {
            "value": "Washington",
            "count": 506,
            "percentage": 5.06
          },
          {
            "value": "Illinois",
            "count": 492,
            "percentage": 4.92
          },
          {
            "value": "Ohio",
            "count": 469,
            "percentage": 4.69
          },
          {
            "value": "Florida",
            "count": 383,
            "percentage": 3.83
          },
          {
            "value": "Michigan",
            "count": 255,
            "percentage": 2.55
          },
          {
            "value": "North Carolina",
            "count": 249,
            "percentage": 2.49
          },
          {
            "value": "Virginia",
            "count": 224,
            "percentage": 2.24
          },
          {
            "value": "Arizona",
            "count": 224,
            "percentage": 2.24
          },
          {
            "value": "Georgia",
            "count": 184,
            "percentage": 1.84
          },
          {
            "value": "Tennessee",
            "count": 183,
            "percentage": 1.83
          },
          {
            "value": "Colorado",
            "count": 182,
            "percentage": 1.82
          },
          {
            "value": "Indiana",
            "count": 149,
            "percentage": 1.49
          },
          {
            "value": "Kentucky",
            "count": 139,
            "percentage": 1.39
          },
          {
            "value": "Massachusetts",
            "count": 135,
            "percentage": 1.35
          },
          {
            "value": "New Jersey",
            "count": 130,
            "percentage": 1.3
          },
          {
            "value": "Oregon",
            "count": 124,
            "percentage": 1.24
          },
          {
            "value": "Wisconsin",
            "count": 110,
            "percentage": 1.1
          },
          {
            "value": "Maryland",
            "count": 105,
            "percentage": 1.05
          },
          {
            "value": "Delaware",
            "count": 96,
            "percentage": 0.96
          },
          {
            "value": "Minnesota",
            "count": 89,
            "percentage": 0.89
          },
          {
            "value": "Connecticut",
            "count": 82,
            "percentage": 0.82
          },
          {
            "value": "Oklahoma",
            "count": 66,
            "percentage": 0.66
          },
          {
            "value": "Missouri",
            "count": 66,
            "percentage": 0.66
          },
          {
            "value": "Alabama",
            "count": 61,
            "percentage": 0.61
          },
          {
            "value": "Arkansas",
            "count": 60,
            "percentage": 0.6
          },
          {
            "value": "Rhode Island",
            "count": 56,
            "percentage": 0.56
          },
          {
            "value": "Mississippi",
            "count": 53,
            "percentage": 0.53
          },
          {
            "value": "Utah",
            "count": 53,
            "percentage": 0.53
          },
          {
            "value": "South Carolina",
            "count": 42,
            "percentage": 0.42
          },
          {
            "value": "Louisiana",
            "count": 42,
            "percentage": 0.42
          },
          {
            "value": "Nevada",
            "count": 39,
            "percentage": 0.39
          },
          {
            "value": "Nebraska",
            "count": 38,
            "percentage": 0.38
          },
          {
            "value": "New Mexico",
            "count": 37,
            "percentage": 0.37
          },
          {
            "value": "Iowa",
            "count": 30,
            "percentage": 0.3
          },
          {
            "value": "New Hampshire",
            "count": 27,
            "percentage": 0.27
          },
          {
            "value": "Kansas",
            "count": 24,
            "percentage": 0.24
          },
          {
            "value": "Idaho",
            "count": 21,
            "percentage": 0.21
          },
          {
            "value": "Montana",
            "count": 15,
            "percentage": 0.15
          },
          {
            "value": "South Dakota",
            "count": 12,
            "percentage": 0.12
          },
          {
            "value": "Vermont",
            "count": 11,
            "percentage": 0.11
          },
          {
            "value": "District of Columbia",
            "count": 10,
            "percentage": 0.1
          },
          {
            "value": "Maine",
            "count": 8,
            "percentage": 0.08
          },
          {
            "value": "North Dakota",
            "count": 7,
            "percentage": 0.07
          },
          {
            "value": "West Virginia",
            "count": 4,
            "percentage": 0.04
          },
          {
            "value": "Wyoming",
            "count": 1,
            "percentage": 0.01
          }
        ]
      }
    },
    {
      "name": "zipcode",
      "type": "BIGINT",
      "nullable": true,
      "metadata": {
        "distinct_count": 631,
        "min": "1040",
        "max": "99301"
      }
    },
    {
      "name": "row_id",
      "type": "BIGINT",
      "nullable": true,
      "metadata": {
        "distinct_count": 9994,
        "min": "1",
        "max": "9994"
      }
    },
    {
      "name": "region",
      "type": "VARCHAR",
      "nullable": true,
      "metadata": {
        "distinct_count": 4,
        "value_distribution": [
          {
            "value": "West",
            "count": 3203,
            "percentage": 32.05
          },
          {
            "value": "East",
            "count": 2848,
            "percentage": 28.5
          },
          {
            "value": "Central",
            "count": 2323,
            "percentage": 23.24
          },
          {
            "value": "South",
            "count": 1620,
            "percentage": 16.21
          }
        ]
      }
    },
    {
      "name": "ship_mode",
      "type": "VARCHAR",
      "nullable": true,
      "metadata": {
        "distinct_count": 4,
        "value_distribution": [
          {
            "value": "Standard Class",
            "count": 5968,
            "percentage": 59.72
          },
          {
            "value": "Second Class",
            "count": 1945,
            "percentage": 19.46
          },
          {
            "value": "First Class",
            "count": 1538,
            "percentage": 15.39
          },
          {
            "value": "Same Day",
            "count": 543,
            "percentage": 5.43
          }
        ]
      }
    },
    {
      "name": "order_id",
      "type": "VARCHAR",
      "nullable": true,
      "metadata": {
        "distinct_count": 5009
      }
    },
    {
      "name": "segment",
      "type": "VARCHAR",
      "nullable": true,
      "metadata": {
        "distinct_count": 3,
        "value_distribution": [
          {
            "value": "Consumer",
            "count": 5191,
            "percentage": 51.94
          },
          {
            "value": "Corporate",
            "count": 3020,
            "percentage": 30.22
          },
          {
            "value": "Home Office",
            "count": 1783,
            "percentage": 17.84
          }
        ]
      }
    },
    {
      "name": "sub_category",
      "type": "VARCHAR",
      "nullable": true,
      "metadata": {
        "distinct_count": 17,
        "value_distribution": [
          {
            "value": "Binders",
            "count": 1523,
            "percentage": 15.24
          },
          {
            "value": "Paper",
            "count": 1370,
            "percentage": 13.71
          },
          {
            "value": "Furnishings",
            "count": 957,
            "percentage": 9.58
          },
          {
            "value": "Phones",
            "count": 889,
            "percentage": 8.9
          },
          {
            "value": "Storage",
            "count": 846,
            "percentage": 8.47
          },
          {
            "value": "Art",
            "count": 796,
            "percentage": 7.96
          },
          {
            "value": "Accessories",
            "count": 775,
            "percentage": 7.75
          },
          {
            "value": "Chairs",
            "count": 617,
            "percentage": 6.17
          },
          {
            "value": "Appliances",
            "count": 466,
            "percentage": 4.66
          },
          {
            "value": "Labels",
            "count": 364,
            "percentage": 3.64
          },
          {
            "value": "Tables",
            "count": 319,
            "percentage": 3.19
          },
          {
            "value": "Envelopes",
            "count": 254,
            "percentage": 2.54
          },
          {
            "value": "Bookcases",
            "count": 228,
            "percentage": 2.28
          },
          {
            "value": "Fasteners",
            "count": 217,
            "percentage": 2.17
          },
          {
            "value": "Supplies",
            "count": 190,
            "percentage": 1.9
          },
          {
            "value": "Machines",
            "count": 115,
            "percentage": 1.15
          },
          {
            "value": "Copiers",
            "count": 68,
            "percentage": 0.68
          }
        ]
      }
    },
    {
      "name": "order_date",
      "type": "DATE",
      "nullable": true,
      "metadata": {
        "distinct_count": 1237,
        "min": "2014-01-03",
        "max": "2017-12-30"
      }
    },
    {
      "name": "quantity",
      "type": "BIGINT",
      "nullable": true,
      "metadata": {
        "distinct_count": 14,
        "value_distribution": [
          {
            "value": 3,
            "count": 2409,
            "percentage": 24.1
          },
          {
            "value": 2,
            "count": 2402,
            "percentage": 24.03
          },
          {
            "value": 5,
            "count": 1230,
            "percentage": 12.31
          },
          {
            "value": 4,
            "count": 1191,
            "percentage": 11.92
          },
          {
            "value": 1,
            "count": 899,
            "percentage": 9.0
          },
          {
            "value": 7,
            "count": 606,
            "percentage": 6.06
          },
          {
            "value": 6,
            "count": 572,
            "percentage": 5.72
          },
          {
            "value": 9,
            "count": 258,
            "percentage": 2.58
          },
          {
            "value": 8,
            "count": 257,
            "percentage": 2.57
          },
          {
            "value": 10,
            "count": 57,
            "percentage": 0.57
          },
          {
            "value": 11,
            "count": 34,
            "percentage": 0.34
          },
          {
            "value": 14,
            "count": 29,
            "percentage": 0.29
          },
          {
            "value": 13,
            "count": 27,
            "percentage": 0.27
          },
          {
            "value": 12,
            "count": 23,
            "percentage": 0.23
          }
        ]
      }
    },
    {
      "name": "discount",
      "type": "BIGINT",
      "nullable": true,
      "metadata": {
        "distinct_count": 1,
        "value_distribution": [
          {
            "value": null,
            "count": 5196,
            "percentage": 51.99
          },
          {
            "value": 0,
            "count": 4798,
            "percentage": 48.01
          }
        ]
      }
    },
    {
      "name": "country",
      "type": "VARCHAR",
      "nullable": true,
      "metadata": {
        "distinct_count": 1,
        "value_distribution": [
          {
            "value": "United States",
            "count": 9994,
            "percentage": 100.0
          }
        ]
      }
    },
    {
      "name": "customer_name",
      "type": "VARCHAR",
      "nullable": true,
      "metadata": {
        "distinct_count": 793
      }
    },
    {
      "name": "product_name",
      "type": "VARCHAR",
      "nullable": true,
      "metadata": {
        "distinct_count": 1850
      }
    },
    {
      "name": "customer_id",
      "type": "VARCHAR",
      "nullable": true,
      "metadata": {
        "distinct_count": 793
      }
    }
  ],
  "sample_rows": [
    {
      "category": "Furniture",
      "sales": 261.96,
      "ship_date": "2016-11-11 00:00:00",
      "product_id": "FUR-BO-10001798",
      "city": "Henderson",
      "profit": 41.9136,
      "state": "Kentucky",
      "zipcode": 42420,
      "row_id": 1,
      "region": "South",
      "ship_mode": "Second Class",
      "order_id": "CA-2016-152156",
      "segment": "Consumer",
      "sub_category": "Bookcases",
      "order_date": "2016-11-08 00:00:00",
      "quantity": 2,
      "discount": 0,
      "country": "United States",
      "customer_name": "Claire Gute",
      "product_name": "Bush Somerset Collection Bookcase",
      "customer_id": "CG-12520"
    },
    {
      "category": "Furniture",
      "sales": 731.94,
      "ship_date": "2016-11-11 00:00:00",
      "product_id": "FUR-CH-10000454",
      "city": "Henderson",
      "profit": 219.582,
      "state": "Kentucky",
      "zipcode": 42420,
      "row_id": 2,
      "region": "South",
      "ship_mode": "Second Class",
      "order_id": "CA-2016-152156",
      "segment": "Consumer",
      "sub_category": "Chairs",
      "order_date": "2016-11-08 00:00:00",
      "quantity": 3,
      "discount": 0,
      "country": "United States",
      "customer_name": "Claire Gute",
      "product_name": "Hon Deluxe Fabric Upholstered Stacking Chairs, Rounded Back",
      "customer_id": "CG-12520"
    },
    {
      "category": "Office Supplies",
      "sales": 14.62,
      "ship_date": "2016-06-16 00:00:00",
      "product_id": "OFF-LA-10000240",
      "city": "Los Angeles",
      "profit": 6.8714,
      "state": "California",
      "zipcode": 90036,
      "row_id": 3,
      "region": "West",
      "ship_mode": "Second Class",
      "order_id": "CA-2016-138688",
      "segment": "Corporate",
      "sub_category": "Labels",
      "order_date": "2016-06-12 00:00:00",
      "quantity": 2,
      "discount": 0,
      "country": "United States",
      "customer_name": "Darrin Van Huff",
      "product_name": "Self-Adhesive Address Labels for Typewriters by Universal",
      "customer_id": "DV-13045"
    },
    {
      "category": "Furniture",
      "sales": 957.5775,
      "ship_date": "2015-10-18 00:00:00",
      "product_id": "FUR-TA-10000577",
      "city": "Fort Lauderdale",
      "profit": -383.031,
      "state": "Florida",
      "zipcode": 33311,
      "row_id": 4,
      "region": "South",
      "ship_mode": "Standard Class",
      "order_id": "US-2015-108966",
      "segment": "Consumer",
      "sub_category": "Tables",
      "order_date": "2015-10-11 00:00:00",
      "quantity": 5,
      "discount": null,
      "country": "United States",
      "customer_name": "Sean O'Donnell",
      "product_name": "Bretford CR4500 Series Slim Rectangular Table",
      "customer_id": "SO-20335"
    },
    {
      "category": "Office Supplies",
      "sales": 22.368,
      "ship_date": "2015-10-18 00:00:00",
      "product_id": "OFF-ST-10000760",
      "city": "Fort Lauderdale",
      "profit": 2.5164,
      "state": "Florida",
      "zipcode": 33311,
      "row_id": 5,
      "region": "South",
      "ship_mode": "Standard Class",
      "order_id": "US-2015-108966",
      "segment": "Consumer",
      "sub_category": "Storage",
      "order_date": "2015-10-11 00:00:00",
      "quantity": 2,
      "discount": null,
      "country": "United States",
      "customer_name": "Sean O'Donnell",
      "product_name": "Eldon Fold 'N Roll Cart System",
      "customer_id": "SO-20335"
    },
    {
      "category": "Furniture",
      "sales": 48.86,
      "ship_date": "2014-06-14 00:00:00",
      "product_id": "FUR-FU-10001487",
      "city": "Los Angeles",
      "profit": 14.1694,
      "state": "California",
      "zipcode": 90032,
      "row_id": 6,
      "region": "West",
      "ship_mode": "Standard Class",
      "order_id": "CA-2014-115812",
      "segment": "Consumer",
      "sub_category": "Furnishings",
      "order_date": "2014-06-09 00:00:00",
      "quantity": 7,
      "discount": 0,
      "country": "United States",
      "customer_name": "Brosina Hoffman",
      "product_name": "Eldon Expressions Wood and Plastic Desk Accessories, Cherry Wood",
      "customer_id": "BH-11710"
    },
    {
      "category": "Office Supplies",
      "sales": 7.28,
      "ship_date": "2014-06-14 00:00:00",
      "product_id": "OFF-AR-10002833",
      "city": "Los Angeles",
      "profit": 1.9656,
      "state": "California",
      "zipcode": 90032,
      "row_id": 7,
      "region": "West",
      "ship_mode": "Standard Class",
      "order_id": "CA-2014-115812",
      "segment": "Consumer",
      "sub_category": "Art",
      "order_date": "2014-06-09 00:00:00",
      "quantity": 4,
      "discount": 0,
      "country": "United States",
      "customer_name": "Brosina Hoffman",
      "product_name": "Newell 322",
      "customer_id": "BH-11710"
    },
    {
      "category": "Technology",
      "sales": 907.152,
      "ship_date": "2014-06-14 00:00:00",
      "product_id": "TEC-PH-10002275",
      "city": "Los Angeles",
      "profit": 90.7152,
      "state": "California",
      "zipcode": 90032,
      "row_id": 8,
      "region": "West",
      "ship_mode": "Standard Class",
      "order_id": "CA-2014-115812",
      "segment": "Consumer",
      "sub_category": "Phones",
      "order_date": "2014-06-09 00:00:00",
      "quantity": 6,
      "discount": null,
      "country": "United States",
      "customer_name": "Brosina Hoffman",
      "product_name": "Mitel 5320 IP Phone VoIP phone",
      "customer_id": "BH-11710"
    },
    {
      "category": "Office Supplies",
      "sales": 18.504,
      "ship_date": "2014-06-14 00:00:00",
      "product_id": "OFF-BI-10003910",
      "city": "Los Angeles",
      "profit": 5.7825,
      "state": "California",
      "zipcode": 90032,
      "row_id": 9,
      "region": "West",
      "ship_mode": "Standard Class",
      "order_id": "CA-2014-115812",
      "segment": "Consumer",
      "sub_category": "Binders",
      "order_date": "2014-06-09 00:00:00",
      "quantity": 3,
      "discount": null,
      "country": "United States",
      "customer_name": "Brosina Hoffman",
      "product_name": "DXL Angle-View Binders with Locking Rings by Samsill",
      "customer_id": "BH-11710"
    },
    {
      "category": "Office Supplies",
      "sales": 114.9,
      "ship_date": "2014-06-14 00:00:00",
      "product_id": "OFF-AP-10002892",
      "city": "Los Angeles",
      "profit": 34.47,
      "state": "California",
      "zipcode": 90032,
      "row_id": 10,
      "region": "West",
      "ship_mode": "Standard Class",
      "order_id": "CA-2014-115812",
      "segment": "Consumer",
      "sub_category": "Appliances",
      "order_date": "2014-06-09 00:00:00",
      "quantity": 5,
      "discount": 0,
      "country": "United States",
      "customer_name": "Brosina Hoffman",
      "product_name": "Belkin F5C206VTEL 6 Outlet Surge",
      "customer_id": "BH-11710"
    },
    {
      "category": "Furniture",
      "sales": 1706.184,
      "ship_date": "2014-06-14 00:00:00",
      "product_id": "FUR-TA-10001539",
      "city": "Los Angeles",
      "profit": 85.3092,
      "state": "California",
      "zipcode": 90032,
      "row_id": 11,
      "region": "West",
      "ship_mode": "Standard Class",
      "order_id": "CA-2014-115812",
      "segment": "Consumer",
      "sub_category": "Tables",
      "order_date": "2014-06-09 00:00:00",
      "quantity": 9,
      "discount": null,
      "country": "United States",
      "customer_name": "Brosina Hoffman",
      "product_name": "Chromcraft Rectangular Conference Tables",
      "customer_id": "BH-11710"
    },
    {
      "category": "Technology",
      "sales": 911.424,
      "ship_date": "2014-06-14 00:00:00",
      "product_id": "TEC-PH-10002033",
      "city": "Los Angeles",
      "profit": 68.3568,
      "state": "California",
      "zipcode": 90032,
      "row_id": 12,
      "region": "West",
      "ship_mode": "Standard Class",
      "order_id": "CA-2014-115812",
      "segment": "Consumer",
      "sub_category": "Phones",
      "order_date": "2014-06-09 00:00:00",
      "quantity": 4,
      "discount": null,
      "country": "United States",
      "customer_name": "Brosina Hoffman",
      "product_name": "Konftel 250 Conference\u00a0phone\u00a0- Charcoal black",
      "customer_id": "BH-11710"
    },
    {
      "category": "Office Supplies",
      "sales": 15.552,
      "ship_date": "2017-04-20 00:00:00",
      "product_id": "OFF-PA-10002365",
      "city": "Concord",
      "profit": 5.4432,
      "state": "North Carolina",
      "zipcode": 28027,
      "row_id": 13,
      "region": "South",
      "ship_mode": "Standard Class",
      "order_id": "CA-2017-114412",
      "segment": "Consumer",
      "sub_category": "Paper",
      "order_date": "2017-04-15 00:00:00",
      "quantity": 3,
      "discount": null,
      "country": "United States",
      "customer_name": "Andrew Allen",
      "product_name": "Xerox 1967",
      "customer_id": "AA-10480"
    },
    {
      "category": "Office Supplies",
      "sales": 407.976,
      "ship_date": "2016-12-10 00:00:00",
      "product_id": "OFF-BI-10003656",
      "city": "Seattle",
      "profit": 132.5922,
      "state": "Washington",
      "zipcode": 98103,
      "row_id": 14,
      "region": "West",
      "ship_mode": "Standard Class",
      "order_id": "CA-2016-161389",
      "segment": "Consumer",
      "sub_category": "Binders",
      "order_date": "2016-12-05 00:00:00",
      "quantity": 3,
      "discount": null,
      "country": "United States",
      "customer_name": "Irene Maddox",
      "product_name": "Fellowes PB200 Plastic Comb Binding Machine",
      "customer_id": "IM-15070"
    },
    {
      "category": "Office Supplies",
      "sales": 68.81,
      "ship_date": "2015-11-26 00:00:00",
      "product_id": "OFF-AP-10002311",
      "city": "Fort Worth",
      "profit": -123.858,
      "state": "Texas",
      "zipcode": 76106,
      "row_id": 15,
      "region": "Central",
      "ship_mode": "Standard Class",
      "order_id": "US-2015-118983",
      "segment": "Home Office",
      "sub_category": "Appliances",
      "order_date": "2015-11-22 00:00:00",
      "quantity": 5,
      "discount": null,
      "country": "United States",
      "customer_name": "Harold Pawlan",
      "product_name": "Holmes Replacement Filter for HEPA Air Cleaner, Very Large Room, HEPA Filter",
      "customer_id": "HP-14815"
    },
    {
      "category": "Office Supplies",
      "sales": 2.544,
      "ship_date": "2015-11-26 00:00:00",
      "product_id": "OFF-BI-10000756",
      "city": "Fort Worth",
      "profit": -3.816,
      "state": "Texas",
      "zipcode": 76106,
      "row_id": 16,
      "region": "Central",
      "ship_mode": "Standard Class",
      "order_id": "US-2015-118983",
      "segment": "Home Office",
      "sub_category": "Binders",
      "order_date": "2015-11-22 00:00:00",
      "quantity": 3,
      "discount": null,
      "country": "United States",
      "customer_name": "Harold Pawlan",
      "product_name": "Storex DuraTech Recycled Plastic Frosted Binders",
      "customer_id": "HP-14815"
    },
    {
      "category": "Office Supplies",
      "sales": 665.88,
      "ship_date": "2014-11-18 00:00:00",
      "product_id": "OFF-ST-10004186",
      "city": "Madison",
      "profit": 13.3176,
      "state": "Wisconsin",
      "zipcode": 53711,
      "row_id": 17,
      "region": "Central",
      "ship_mode": "Standard Class",
      "order_id": "CA-2014-105893",
      "segment": "Consumer",
      "sub_category": "Storage",
      "order_date": "2014-11-11 00:00:00",
      "quantity": 6,
      "discount": 0,
      "country": "United States",
      "customer_name": "Pete Kriz",
      "product_name": "Stur-D-Stor Shelving, Vertical 5-Shelf: 72\"H x 36\"W x 18 1/2\"D",
      "customer_id": "PK-19075"
    },
    {
      "category": "Office Supplies",
      "sales": 55.5,
      "ship_date": "2014-05-15 00:00:00",
      "product_id": "OFF-ST-10000107",
      "city": "West Jordan",
      "profit": 9.99,
      "state": "Utah",
      "zipcode": 84084,
      "row_id": 18,
      "region": "West",
      "ship_mode": "Second Class",
      "order_id": "CA-2014-167164",
      "segment": "Consumer",
      "sub_category": "Storage",
      "order_date": "2014-05-13 00:00:00",
      "quantity": 2,
      "discount": 0,
      "country": "United States",
      "customer_name": "Alejandro Grove",
      "product_name": "Fellowes Super Stor/Drawer",
      "customer_id": "AG-10270"
    },
    {
      "category": "Office Supplies",
      "sales": 8.56,
      "ship_date": "2014-09-01 00:00:00",
      "product_id": "OFF-AR-10003056",
      "city": "San Francisco",
      "profit": 2.4824,
      "state": "California",
      "zipcode": 94109,
      "row_id": 19,
      "region": "West",
      "ship_mode": "Second Class",
      "order_id": "CA-2014-143336",
      "segment": "Consumer",
      "sub_category": "Art",
      "order_date": "2014-08-27 00:00:00",
      "quantity": 2,
      "discount": 0,
      "country": "United States",
      "customer_name": "Zuschuss Donatelli",
      "product_name": "Newell 341",
      "customer_id": "ZD-21925"
    },
    {
      "category": "Technology",
      "sales": 213.48,
      "ship_date": "2014-09-01 00:00:00",
      "product_id": "TEC-PH-10001949",
      "city": "San Francisco",
      "profit": 16.011,
      "state": "California",
      "zipcode": 94109,
      "row_id": 20,
      "region": "West",
      "ship_mode": "Second Class",
      "order_id": "CA-2014-143336",
      "segment": "Consumer",
      "sub_category": "Phones",
      "order_date": "2014-08-27 00:00:00",
      "quantity": 3,
      "discount": null,
      "country": "United States",
      "customer_name": "Zuschuss Donatelli",
      "product_name": "Cisco SPA 501G IP Phone",
      "customer_id": "ZD-21925"
    },
    {
      "category": "Office Supplies",
      "sales": 22.72,
      "ship_date": "2014-09-01 00:00:00",
      "product_id": "OFF-BI-10002215",
      "city": "San Francisco",
      "profit": 7.384,
      "state": "California",
      "zipcode": 94109,
      "row_id": 21,
      "region": "West",
      "ship_mode": "Second Class",
      "order_id": "CA-2014-143336",
      "segment": "Consumer",
      "sub_category": "Binders",
      "order_date": "2014-08-27 00:00:00",
      "quantity": 4,
      "discount": null,
      "country": "United States",
      "customer_name": "Zuschuss Donatelli",
      "product_name": "Wilson Jones Hanging View Binder, White, 1\"",
      "customer_id": "ZD-21925"
    },
    {
      "category": "Office Supplies",
      "sales": 19.46,
      "ship_date": "2016-12-13 00:00:00",
      "product_id": "OFF-AR-10000246",
      "city": "Fremont",
      "profit": 5.0596,
      "state": "Nebraska",
      "zipcode": 68025,
      "row_id": 22,
      "region": "Central",
      "ship_mode": "Standard Class",
      "order_id": "CA-2016-137330",
      "segment": "Corporate",
      "sub_category": "Art",
      "order_date": "2016-12-09 00:00:00",
      "quantity": 7,
      "discount": 0,
      "country": "United States",
      "customer_name": "Ken Black",
      "product_name": "Newell 318",
      "customer_id": "KB-16585"
    },
    {
      "category": "Office Supplies",
      "sales": 60.34,
      "ship_date": "2016-12-13 00:00:00",
      "product_id": "OFF-AP-10001492",
      "city": "Fremont",
      "profit": 15.6884,
      "state": "Nebraska",
      "zipcode": 68025,
      "row_id": 23,
      "region": "Central",
      "ship_mode": "Standard Class",
      "order_id": "CA-2016-137330",
      "segment": "Corporate",
      "sub_category": "Appliances",
      "order_date": "2016-12-09 00:00:00",
      "quantity": 7,
      "discount": 0,
      "country": "United States",
      "customer_name": "Ken Black",
      "product_name": "Acco Six-Outlet Power Strip, 4' Cord Length",
      "customer_id": "KB-16585"
    },
    {
      "category": "Furniture",
      "sales": 71.372,
      "ship_date": "2017-07-18 00:00:00",
      "product_id": "FUR-CH-10002774",
      "city": "Philadelphia",
      "profit": -1.0196,
      "state": "Pennsylvania",
      "zipcode": 19140,
      "row_id": 24,
      "region": "East",
      "ship_mode": "Second Class",
      "order_id": "US-2017-156909",
      "segment": "Consumer",
      "sub_category": "Chairs",
      "order_date": "2017-07-16 00:00:00",
      "quantity": 2,
      "discount": null,
      "country": "United States",
      "customer_name": "Sandra Flanagan",
      "product_name": "Global Deluxe Stacking Chair, Gray",
      "customer_id": "SF-20065"
    },
    {
      "category": "Furniture",
      "sales": 1044.63,
      "ship_date": "2015-09-30 00:00:00",
      "product_id": "FUR-TA-10000577",
      "city": "Orem",
      "profit": 240.2649,
      "state": "Utah",
      "zipcode": 84057,
      "row_id": 25,
      "region": "West",
      "ship_mode": "Standard Class",
      "order_id": "CA-2015-106320",
      "segment": "Consumer",
      "sub_category": "Tables",
      "order_date": "2015-09-25 00:00:00",
      "quantity": 3,
      "discount": 0,
      "country": "United States",
      "customer_name": "Emily Burns",
      "product_name": "Bretford CR4500 Series Slim Rectangular Table",
      "customer_id": "EB-13870"
    },
    {
      "category": "Office Supplies",
      "sales": 11.648,
      "ship_date": "2016-01-20 00:00:00",
      "product_id": "OFF-BI-10001634",
      "city": "Los Angeles",
      "profit": 4.2224,
      "state": "California",
      "zipcode": 90049,
      "row_id": 26,
      "region": "West",
      "ship_mode": "Second Class",
      "order_id": "CA-2016-121755",
      "segment": "Consumer",
      "sub_category": "Binders",
      "order_date": "2016-01-16 00:00:00",
      "quantity": 2,
      "discount": null,
      "country": "United States",
      "customer_name": "Eric Hoffmann",
      "product_name": "Wilson Jones Active Use Binders",
      "customer_id": "EH-13945"
    },
    {
      "category": "Technology",
      "sales": 90.57,
      "ship_date": "2016-01-20 00:00:00",
      "product_id": "TEC-AC-10003027",
      "city": "Los Angeles",
      "profit": 11.7741,
      "state": "California",
      "zipcode": 90049,
      "row_id": 27,
      "region": "West",
      "ship_mode": "Second Class",
      "order_id": "CA-2016-121755",
      "segment": "Consumer",
      "sub_category": "Accessories",
      "order_date": "2016-01-16 00:00:00",
      "quantity": 3,
      "discount": 0,
      "country": "United States",
      "customer_name": "Eric Hoffmann",
      "product_name": "Imation\u00a08GB Mini TravelDrive USB 2.0\u00a0Flash Drive",
      "customer_id": "EH-13945"
    },
    {
      "category": "Furniture",
      "sales": 3083.43,
      "ship_date": "2015-09-21 00:00:00",
      "product_id": "FUR-BO-10004834",
      "city": "Philadelphia",
      "profit": -1665.0522,
      "state": "Pennsylvania",
      "zipcode": 19140,
      "row_id": 28,
      "region": "East",
      "ship_mode": "Standard Class",
      "order_id": "US-2015-150630",
      "segment": "Consumer",
      "sub_category": "Bookcases",
      "order_date": "2015-09-17 00:00:00",
      "quantity": 7,
      "discount": null,
      "country": "United States",
      "customer_name": "Tracy Blumstein",
      "product_name": "Riverside Palais Royal Lawyers Bookcase, Royale Cherry Finish",
      "customer_id": "TB-21520"
    },
    {
      "category": "Office Supplies",
      "sales": 9.618,
      "ship_date": "2015-09-21 00:00:00",
      "product_id": "OFF-BI-10000474",
      "city": "Philadelphia",
      "profit": -7.0532,
      "state": "Pennsylvania",
      "zipcode": 19140,
      "row_id": 29,
      "region": "East",
      "ship_mode": "Standard Class",
      "order_id": "US-2015-150630",
      "segment": "Consumer",
      "sub_category": "Binders",
      "order_date": "2015-09-17 00:00:00",
      "quantity": 2,
      "discount": null,
      "country": "United States",
      "customer_name": "Tracy Blumstein",
      "product_name": "Avery Recycled Flexi-View Covers for Binding Systems",
      "customer_id": "TB-21520"
    },
    {
      "category": "Furniture",
      "sales": 124.2,
      "ship_date": "2015-09-21 00:00:00",
      "product_id": "FUR-FU-10004848",
      "city": "Philadelphia",
      "profit": 15.525,
      "state": "Pennsylvania",
      "zipcode": 19140,
      "row_id": 30,
      "region": "East",
      "ship_mode": "Standard Class",
      "order_id": "US-2015-150630",
      "segment": "Consumer",
      "sub_category": "Furnishings",
      "order_date": "2015-09-17 00:00:00",
      "quantity": 3,
      "discount": null,
      "country": "United States",
      "customer_name": "Tracy Blumstein",
      "product_name": "Howard Miller 13-3/4\" Diameter Brushed Chrome Round Wall Clock",
      "customer_id": "TB-21520"
    },
    {
      "category": "Office Supplies",
      "sales": 3.264,
      "ship_date": "2015-09-21 00:00:00",
      "product_id": "OFF-EN-10001509",
      "city": "Philadelphia",
      "profit": 1.1016,
      "state": "Pennsylvania",
      "zipcode": 19140,
      "row_id": 31,
      "region": "East",
      "ship_mode": "Standard Class",
      "order_id": "US-2015-150630",
      "segment": "Consumer",
      "sub_category": "Envelopes",
      "order_date": "2015-09-17 00:00:00",
      "quantity": 2,
      "discount": null,
      "country": "United States",
      "customer_name": "Tracy Blumstein",
      "product_name": "Poly String Tie Envelopes",
      "customer_id": "TB-21520"
    },
    {
      "category": "Office Supplies",
      "sales": 86.304,
      "ship_date": "2015-09-21 00:00:00",
      "product_id": "OFF-AR-10004042",
      "city": "Philadelphia",
      "profit": 9.7092,
      "state": "Pennsylvania",
      "zipcode": 19140,
      "row_id": 32,
      "region": "East",
      "ship_mode": "Standard Class",
      "order_id": "US-2015-150630",
      "segment": "Consumer",
      "sub_category": "Art",
      "order_date": "2015-09-17 00:00:00",
      "quantity": 6,
      "discount": null,
      "country": "United States",
      "customer_name": "Tracy Blumstein",
      "product_name": "BOSTON Model 1800 Electric Pencil Sharpeners, Putty/Woodgrain",
      "customer_id": "TB-21520"
    },
    {
      "category": "Office Supplies",
      "sales": 6.858,
      "ship_date": "2015-09-21 00:00:00",
      "product_id": "OFF-BI-10001525",
      "city": "Philadelphia",
      "profit": -5.715,
      "state": "Pennsylvania",
      "zipcode": 19140,
      "row_id": 33,
      "region": "East",
      "ship_mode": "Standard Class",
      "order_id": "US-2015-150630",
      "segment": "Consumer",
      "sub_category": "Binders",
      "order_date": "2015-09-17 00:00:00",
      "quantity": 6,
      "discount": null,
      "country": "United States",
      "customer_name": "Tracy Blumstein",
      "product_name": "Acco Pressboard Covers with Storage Hooks, 14 7/8\" x 11\", Executive Red",
      "customer_id": "TB-21520"
    },
    {
      "category": "Office Supplies",
      "sales": 15.76,
      "ship_date": "2015-09-21 00:00:00",
      "product_id": "OFF-AR-10001683",
      "city": "Philadelphia",
      "profit": 3.546,
      "state": "Pennsylvania",
      "zipcode": 19140,
      "row_id": 34,
      "region": "East",
      "ship_mode": "Standard Class",
      "order_id": "US-2015-150630",
      "segment": "Consumer",
      "sub_category": "Art",
      "order_date": "2015-09-17 00:00:00",
      "quantity": 2,
      "discount": null,
      "country": "United States",
      "customer_name": "Tracy Blumstein",
      "product_name": "Lumber Crayons",
      "customer_id": "TB-21520"
    },
    {
      "category": "Office Supplies",
      "sales": 29.472,
      "ship_date": "2017-10-23 00:00:00",
      "product_id": "OFF-PA-10000249",
      "city": "Houston",
      "profit": 9.9468,
      "state": "Texas",
      "zipcode": 77095,
      "row_id": 35,
      "region": "Central",
      "ship_mode": "Second Class",
      "order_id": "CA-2017-107727",
      "segment": "Home Office",
      "sub_category": "Paper",
      "order_date": "2017-10-19 00:00:00",
      "quantity": 3,
      "discount": null,
      "country": "United States",
      "customer_name": "Matt Abelman",
      "product_name": "Easy-staple paper",
      "customer_id": "MA-17560"
    },
    {
      "category": "Technology",
      "sales": 1097.544,
      "ship_date": "2016-12-10 00:00:00",
      "product_id": "TEC-PH-10004977",
      "city": "Richardson",
      "profit": 123.4737,
      "state": "Texas",
      "zipcode": 75080,
      "row_id": 36,
      "region": "Central",
      "ship_mode": "First Class",
      "order_id": "CA-2016-117590",
      "segment": "Corporate",
      "sub_category": "Phones",
      "order_date": "2016-12-08 00:00:00",
      "quantity": 7,
      "discount": null,
      "country": "United States",
      "customer_name": "Gene Hale",
      "product_name": "GE 30524EE4",
      "customer_id": "GH-14485"
    },
    {
      "category": "Furniture",
      "sales": 190.92,
      "ship_date": "2016-12-10 00:00:00",
      "product_id": "FUR-FU-10003664",
      "city": "Richardson",
      "profit": -147.963,
      "state": "Texas",
      "zipcode": 75080,
      "row_id": 37,
      "region": "Central",
      "ship_mode": "First Class",
      "order_id": "CA-2016-117590",
      "segment": "Corporate",
      "sub_category": "Furnishings",
      "order_date": "2016-12-08 00:00:00",
      "quantity": 5,
      "discount": null,
      "country": "United States",
      "customer_name": "Gene Hale",
      "product_name": "Electrix Architect's Clamp-On Swing Arm Lamp, Black",
      "customer_id": "GH-14485"
    },
    {
      "category": "Office Supplies",
      "sales": 113.328,
      "ship_date": "2015-12-31 00:00:00",
      "product_id": "OFF-EN-10002986",
      "city": "Houston",
      "profit": 35.415,
      "state": "Texas",
      "zipcode": 77041,
      "row_id": 38,
      "region": "Central",
      "ship_mode": "Standard Class",
      "order_id": "CA-2015-117415",
      "segment": "Home Office",
      "sub_category": "Envelopes",
      "order_date": "2015-12-27 00:00:00",
      "quantity": 9,
      "discount": null,
      "country": "United States",
      "customer_name": "Steve Nguyen",
      "product_name": "#10-4 1/8\" x 9 1/2\" Premium Diagonal Seam Envelopes",
      "customer_id": "SN-20710"
    },
    {
      "category": "Furniture",
      "sales": 532.3992,
      "ship_date": "2015-12-31 00:00:00",
      "product_id": "FUR-BO-10002545",
      "city": "Houston",
      "profit": -46.9764,
      "state": "Texas",
      "zipcode": 77041,
      "row_id": 39,
      "region": "Central",
      "ship_mode": "Standard Class",
      "order_id": "CA-2015-117415",
      "segment": "Home Office",
      "sub_category": "Bookcases",
      "order_date": "2015-12-27 00:00:00",
      "quantity": 3,
      "discount": null,
      "country": "United States",
      "customer_name": "Steve Nguyen",
      "product_name": "Atlantic Metals Mobile 3-Shelf Bookcases, Custom Colors",
      "customer_id": "SN-20710"
    },
    {
      "category": "Furniture",
      "sales": 212.058,
      "ship_date": "2015-12-31 00:00:00",
      "product_id": "FUR-CH-10004218",
      "city": "Houston",
      "profit": -15.147,
      "state": "Texas",
      "zipcode": 77041,
      "row_id": 40,
      "region": "Central",
      "ship_mode": "Standard Class",
      "order_id": "CA-2015-117415",
      "segment": "Home Office",
      "sub_category": "Chairs",
      "order_date": "2015-12-27 00:00:00",
      "quantity": 3,
      "discount": null,
      "country": "United States",
      "customer_name": "Steve Nguyen",
      "product_name": "Global Fabric Manager's Chair, Dark Gray",
      "customer_id": "SN-20710"
    },
    {
      "category": "Technology",
      "sales": 371.168,
      "ship_date": "2015-12-31 00:00:00",
      "product_id": "TEC-PH-10000486",
      "city": "Houston",
      "profit": 41.7564,
      "state": "Texas",
      "zipcode": 77041,
      "row_id": 41,
      "region": "Central",
      "ship_mode": "Standard Class",
      "order_id": "CA-2015-117415",
      "segment": "Home Office",
      "sub_category": "Phones",
      "order_date": "2015-12-27 00:00:00",
      "quantity": 4,
      "discount": null,
      "country": "United States",
      "customer_name": "Steve Nguyen",
      "product_name": "Plantronics HL10 Handset Lifter",
      "customer_id": "SN-20710"
    },
    {
      "category": "Technology",
      "sales": 147.168,
      "ship_date": "2017-09-15 00:00:00",
      "product_id": "TEC-PH-10004093",
      "city": "Naperville",
      "profit": 16.5564,
      "state": "Illinois",
      "zipcode": 60540,
      "row_id": 42,
      "region": "Central",
      "ship_mode": "Standard Class",
      "order_id": "CA-2017-120999",
      "segment": "Corporate",
      "sub_category": "Phones",
      "order_date": "2017-09-10 00:00:00",
      "quantity": 4,
      "discount": null,
      "country": "United States",
      "customer_name": "Linda Cazamias",
      "product_name": "Panasonic Kx-TS550",
      "customer_id": "LC-16930"
    },
    {
      "category": "Office Supplies",
      "sales": 77.88,
      "ship_date": "2016-07-22 00:00:00",
      "product_id": "OFF-ST-10003479",
      "city": "Los Angeles",
      "profit": 3.894,
      "state": "California",
      "zipcode": 90049,
      "row_id": 43,
      "region": "West",
      "ship_mode": "Standard Class",
      "order_id": "CA-2016-101343",
      "segment": "Corporate",
      "sub_category": "Storage",
      "order_date": "2016-07-17 00:00:00",
      "quantity": 2,
      "discount": 0,
      "country": "United States",
      "customer_name": "Ruben Ausman",
      "product_name": "Eldon Base for stackable storage shelf, platinum",
      "customer_id": "RA-19885"
    },
    {
      "category": "Office Supplies",
      "sales": 95.616,
      "ship_date": "2017-09-23 00:00:00",
      "product_id": "OFF-ST-10003282",
      "city": "Melbourne",
      "profit": 9.5616,
      "state": "Florida",
      "zipcode": 32935,
      "row_id": 44,
      "region": "South",
      "ship_mode": "Standard Class",
      "order_id": "CA-2017-139619",
      "segment": "Corporate",
      "sub_category": "Storage",
      "order_date": "2017-09-19 00:00:00",
      "quantity": 2,
      "discount": null,
      "country": "United States",
      "customer_name": "Erin Smith",
      "product_name": "Advantus 10-Drawer Portable Organizer, Chrome Metal Frame, Smoke Drawers",
      "customer_id": "ES-14080"
    },
    {
      "category": "Technology",
      "sales": 45.98,
      "ship_date": "2016-03-13 00:00:00",
      "product_id": "TEC-AC-10000171",
      "city": "Eagan",
      "profit": 19.7714,
      "state": "Minnesota",
      "zipcode": 55122,
      "row_id": 45,
      "region": "Central",
      "ship_mode": "First Class",
      "order_id": "CA-2016-118255",
      "segment": "Corporate",
      "sub_category": "Accessories",
      "order_date": "2016-03-11 00:00:00",
      "quantity": 2,
      "discount": 0,
      "country": "United States",
      "customer_name": "Odella Nelson",
      "product_name": "Verbatim 25 GB 6x Blu-ray Single Layer Recordable Disc, 25/Pack",
      "customer_id": "ON-18715"
    },
    {
      "category": "Office Supplies",
      "sales": 17.46,
      "ship_date": "2016-03-13 00:00:00",
      "product_id": "OFF-BI-10003291",
      "city": "Eagan",
      "profit": 8.2062,
      "state": "Minnesota",
      "zipcode": 55122,
      "row_id": 46,
      "region": "Central",
      "ship_mode": "First Class",
      "order_id": "CA-2016-118255",
      "segment": "Corporate",
      "sub_category": "Binders",
      "order_date": "2016-03-11 00:00:00",
      "quantity": 2,
      "discount": 0,
      "country": "United States",
      "customer_name": "Odella Nelson",
      "product_name": "Wilson Jones Leather-Like Binders with DublLock Round Rings",
      "customer_id": "ON-18715"
    },
    {
      "category": "Office Supplies",
      "sales": 211.96,
      "ship_date": "2014-10-25 00:00:00",
      "product_id": "OFF-ST-10001713",
      "city": "Westland",
      "profit": 8.4784,
      "state": "Michigan",
      "zipcode": 48185,
      "row_id": 47,
      "region": "Central",
      "ship_mode": "Second Class",
      "order_id": "CA-2014-146703",
      "segment": "Consumer",
      "sub_category": "Storage",
      "order_date": "2014-10-20 00:00:00",
      "quantity": 4,
      "discount": 0,
      "country": "United States",
      "customer_name": "Patrick O'Donnell",
      "product_name": "Gould Plastics 9-Pocket Panel Bin, 18-3/8w x 5-1/4d x 20-1/2h, Black",
      "customer_id": "PO-18865"
    },
    {
      "category": "Technology",
      "sales": 45.0,
      "ship_date": "2016-06-25 00:00:00",
      "product_id": "TEC-AC-10002167",
      "city": "Dover",
      "profit": 4.95,
      "state": "Delaware",
      "zipcode": 19901,
      "row_id": 48,
      "region": "East",
      "ship_mode": "Standard Class",
      "order_id": "CA-2016-169194",
      "segment": "Consumer",
      "sub_category": "Accessories",
      "order_date": "2016-06-20 00:00:00",
      "quantity": 3,
      "discount": 0,
      "country": "United States",
      "customer_name": "Lena Hernandez",
      "product_name": "Imation\u00a08gb Micro Traveldrive Usb 2.0\u00a0Flash Drive",
      "customer_id": "LH-16900"
    },
    {
      "category": "Technology",
      "sales": 21.8,
      "ship_date": "2016-06-25 00:00:00",
      "product_id": "TEC-PH-10003988",
      "city": "Dover",
      "profit": 6.104,
      "state": "Delaware",
      "zipcode": 19901,
      "row_id": 49,
      "region": "East",
      "ship_mode": "Standard Class",
      "order_id": "CA-2016-169194",
      "segment": "Consumer",
      "sub_category": "Phones",
      "order_date": "2016-06-20 00:00:00",
      "quantity": 2,
      "discount": 0,
      "country": "United States",
      "customer_name": "Lena Hernandez",
      "product_name": "LF Elite 3D Dazzle Designer Hard Case Cover, Lf Stylus Pen and Wiper For Apple Iphone 5c Mini Lite",
      "customer_id": "LH-16900"
    },
    {
      "category": "Office Supplies",
      "sales": 38.22,
      "ship_date": "2015-04-22 00:00:00",
      "product_id": "OFF-BI-10004410",
      "city": "New Albany",
      "profit": 17.9634,
      "state": "Indiana",
      "zipcode": 47150,
      "row_id": 50,
      "region": "Central",
      "ship_mode": "Standard Class",
      "order_id": "CA-2015-115742",
      "segment": "Consumer",
      "sub_category": "Binders",
      "order_date": "2015-04-18 00:00:00",
      "quantity": 6,
      "discount": 0,
      "country": "United States",
      "customer_name": "Darren Powers",
      "product_name": "C-Line Peel & Stick Add-On Filing Pockets, 8-3/4 x 5-1/8, 10/Pack",
      "customer_id": "DP-13000"
    },
    {
      "category": "Office Supplies",
      "sales": 75.18,
      "ship_date": "2015-04-22 00:00:00",
      "product_id": "OFF-LA-10002762",
      "city": "New Albany",
      "profit": 35.3346,
      "state": "Indiana",
      "zipcode": 47150,
      "row_id": 51,
      "region": "Central",
      "ship_mode": "Standard Class",
      "order_id": "CA-2015-115742",
      "segment": "Consumer",
      "sub_category": "Labels",
      "order_date": "2015-04-18 00:00:00",
      "quantity": 6,
      "discount": 0,
      "country": "United States",
      "customer_name": "Darren Powers",
      "product_name": "Avery 485",
      "customer_id": "DP-13000"
    },
    {
      "category": "Furniture",
      "sales": 6.16,
      "ship_date": "2015-04-22 00:00:00",
      "product_id": "FUR-FU-10001706",
      "city": "New Albany",
      "profit": 2.9568,
      "state": "Indiana",
      "zipcode": 47150,
      "row_id": 52,
      "region": "Central",
      "ship_mode": "Standard Class",
      "order_id": "CA-2015-115742",
      "segment": "Consumer",
      "sub_category": "Furnishings",
      "order_date": "2015-04-18 00:00:00",
      "quantity": 2,
      "discount": 0,
      "country": "United States",
      "customer_name": "Darren Powers",
      "product_name": "Longer-Life Soft White Bulbs",
      "customer_id": "DP-13000"
    },
    {
      "category": "Furniture",
      "sales": 89.99,
      "ship_date": "2015-04-22 00:00:00",
      "product_id": "FUR-CH-10003061",
      "city": "New Albany",
      "profit": 17.0981,
      "state": "Indiana",
      "zipcode": 47150,
      "row_id": 53,
      "region": "Central",
      "ship_mode": "Standard Class",
      "order_id": "CA-2015-115742",
      "segment": "Consumer",
      "sub_category": "Chairs",
      "order_date": "2015-04-18 00:00:00",
      "quantity": 1,
      "discount": 0,
      "country": "United States",
      "customer_name": "Darren Powers",
      "product_name": "Global Leather Task Chair, Black",
      "customer_id": "DP-13000"
    },
    {
      "category": "Office Supplies",
      "sales": 15.26,
      "ship_date": "2016-12-17 00:00:00",
      "product_id": "OFF-FA-10000304",
      "city": "New York City",
      "profit": 6.2566,
      "state": "New York",
      "zipcode": 10024,
      "row_id": 54,
      "region": "East",
      "ship_mode": "Standard Class",
      "order_id": "CA-2016-105816",
      "segment": "Corporate",
      "sub_category": "Fasteners",
      "order_date": "2016-12-11 00:00:00",
      "quantity": 7,
      "discount": 0,
      "country": "United States",
      "customer_name": "Janet Molinari",
      "product_name": "Advantus Push Pins",
      "customer_id": "JM-15265"
    },
    {
      "category": "Technology",
      "sales": 1029.95,
      "ship_date": "2016-12-17 00:00:00",
      "product_id": "TEC-PH-10002447",
      "city": "New York City",
      "profit": 298.6855,
      "state": "New York",
      "zipcode": 10024,
      "row_id": 55,
      "region": "East",
      "ship_mode": "Standard Class",
      "order_id": "CA-2016-105816",
      "segment": "Corporate",
      "sub_category": "Phones",
      "order_date": "2016-12-11 00:00:00",
      "quantity": 5,
      "discount": 0,
      "country": "United States",
      "customer_name": "Janet Molinari",
      "product_name": "AT&T CL83451 4-Handset Telephone",
      "customer_id": "JM-15265"
    },
    {
      "category": "Office Supplies",
      "sales": 208.56,
      "ship_date": "2016-06-18 00:00:00",
      "product_id": "OFF-ST-10000604",
      "city": "Troy",
      "profit": 52.14,
      "state": "New York",
      "zipcode": 12180,
      "row_id": 56,
      "region": "East",
      "ship_mode": "First Class",
      "order_id": "CA-2016-111682",
      "segment": "Consumer",
      "sub_category": "Storage",
      "order_date": "2016-06-17 00:00:00",
      "quantity": 6,
      "discount": 0,
      "country": "United States",
      "customer_name": "Ted Butterfield",
      "product_name": "Home/Office Personal File Carts",
      "customer_id": "TB-21055"
    },
    {
      "category": "Office Supplies",
      "sales": 32.4,
      "ship_date": "2016-06-18 00:00:00",
      "product_id": "OFF-PA-10001569",
      "city": "Troy",
      "profit": 15.552,
      "state": "New York",
      "zipcode": 12180,
      "row_id": 57,
      "region": "East",
      "ship_mode": "First Class",
      "order_id": "CA-2016-111682",
      "segment": "Consumer",
      "sub_category": "Paper",
      "order_date": "2016-06-17 00:00:00",
      "quantity": 5,
      "discount": 0,
      "country": "United States",
      "customer_name": "Ted Butterfield",
      "product_name": "Xerox 232",
      "customer_id": "TB-21055"
    },
    {
      "category": "Furniture",
      "sales": 319.41,
      "ship_date": "2016-06-18 00:00:00",
      "product_id": "FUR-CH-10003968",
      "city": "Troy",
      "profit": 7.098,
      "state": "New York",
      "zipcode": 12180,
      "row_id": 58,
      "region": "East",
      "ship_mode": "First Class",
      "order_id": "CA-2016-111682",
      "segment": "Consumer",
      "sub_category": "Chairs",
      "order_date": "2016-06-17 00:00:00",
      "quantity": 5,
      "discount": null,
      "country": "United States",
      "customer_name": "Ted Butterfield",
      "product_name": "Novimex Turbo Task Chair",
      "customer_id": "TB-21055"
    },
    {
      "category": "Office Supplies",
      "sales": 14.56,
      "ship_date": "2016-06-18 00:00:00",
      "product_id": "OFF-PA-10000587",
      "city": "Troy",
      "profit": 6.9888,
      "state": "New York",
      "zipcode": 12180,
      "row_id": 59,
      "region": "East",
      "ship_mode": "First Class",
      "order_id": "CA-2016-111682",
      "segment": "Consumer",
      "sub_category": "Paper",
      "order_date": "2016-06-17 00:00:00",
      "quantity": 2,
      "discount": 0,
      "country": "United States",
      "customer_name": "Ted Butterfield",
      "product_name": "Array Parchment Paper, Assorted Colors",
      "customer_id": "TB-21055"
    },
    {
      "category": "Technology",
      "sales": 30.0,
      "ship_date": "2016-06-18 00:00:00",
      "product_id": "TEC-AC-10002167",
      "city": "Troy",
      "profit": 3.3,
      "state": "New York",
      "zipcode": 12180,
      "row_id": 60,
      "region": "East",
      "ship_mode": "First Class",
      "order_id": "CA-2016-111682",
      "segment": "Consumer",
      "sub_category": "Accessories",
      "order_date": "2016-06-17 00:00:00",
      "quantity": 2,
      "discount": 0,
      "country": "United States",
      "customer_name": "Ted Butterfield",
      "product_name": "Imation\u00a08gb Micro Traveldrive Usb 2.0\u00a0Flash Drive",
      "customer_id": "TB-21055"
    },
    {
      "category": "Office Supplies",
      "sales": 48.48,
      "ship_date": "2016-06-18 00:00:00",
      "product_id": "OFF-BI-10001460",
      "city": "Troy",
      "profit": 16.362,
      "state": "New York",
      "zipcode": 12180,
      "row_id": 61,
      "region": "East",
      "ship_mode": "First Class",
      "order_id": "CA-2016-111682",
      "segment": "Consumer",
      "sub_category": "Binders",
      "order_date": "2016-06-17 00:00:00",
      "quantity": 4,
      "discount": null,
      "country": "United States",
      "customer_name": "Ted Butterfield",
      "product_name": "Plastic Binding Combs",
      "customer_id": "TB-21055"
    },
    {
      "category": "Office Supplies",
      "sales": 1.68,
      "ship_date": "2016-06-18 00:00:00",
      "product_id": "OFF-AR-10001868",
      "city": "Troy",
      "profit": 0.84,
      "state": "New York",
      "zipcode": 12180,
      "row_id": 62,
      "region": "East",
      "ship_mode": "First Class",
      "order_id": "CA-2016-111682",
      "segment": "Consumer",
      "sub_category": "Art",
      "order_date": "2016-06-17 00:00:00",
      "quantity": 1,
      "discount": 0,
      "country": "United States",
      "customer_name": "Ted Butterfield",
      "product_name": "Prang Dustless Chalk Sticks",
      "customer_id": "TB-21055"
    },
    {
      "category": "Technology",
      "sales": 13.98,
      "ship_date": "2015-11-30 00:00:00",
      "product_id": "TEC-AC-10004633",
      "city": "Los Angeles",
      "profit": 6.1512,
      "state": "California",
      "zipcode": 90004,
      "row_id": 63,
      "region": "West",
      "ship_mode": "Standard Class",
      "order_id": "CA-2015-135545",
      "segment": "Consumer",
      "sub_category": "Accessories",
      "order_date": "2015-11-24 00:00:00",
      "quantity": 2,
      "discount": 0,
      "country": "United States",
      "customer_name": "Kunst Miller",
      "product_name": "Verbatim 25 GB 6x Blu-ray Single Layer Recordable Disc, 3/Pack",
      "customer_id": "KM-16720"
    },
    {
      "category": "Office Supplies",
      "sales": 25.824,
      "ship_date": "2015-11-30 00:00:00",
      "product_id": "OFF-BI-10001078",
      "city": "Los Angeles",
      "profit": 9.3612,
      "state": "California",
      "zipcode": 90004,
      "row_id": 64,
      "region": "West",
      "ship_mode": "Standard Class",
      "order_id": "CA-2015-135545",
      "segment": "Consumer",
      "sub_category": "Binders",
      "order_date": "2015-11-24 00:00:00",
      "quantity": 6,
      "discount": null,
      "country": "United States",
      "customer_name": "Kunst Miller",
      "product_name": "Acco PRESSTEX Data Binder with Storage Hooks, Dark Blue, 14 7/8\" X 11\"",
      "customer_id": "KM-16720"
    },
    {
      "category": "Office Supplies",
      "sales": 146.73,
      "ship_date": "2015-11-30 00:00:00",
      "product_id": "OFF-PA-10003892",
      "city": "Los Angeles",
      "profit": 68.9631,
      "state": "California",
      "zipcode": 90004,
      "row_id": 65,
      "region": "West",
      "ship_mode": "Standard Class",
      "order_id": "CA-2015-135545",
      "segment": "Consumer",
      "sub_category": "Paper",
      "order_date": "2015-11-24 00:00:00",
      "quantity": 3,
      "discount": 0,
      "country": "United States",
      "customer_name": "Kunst Miller",
      "product_name": "Xerox 1943",
      "customer_id": "KM-16720"
    },
    {
      "category": "Furniture",
      "sales": 79.76,
      "ship_date": "2015-11-30 00:00:00",
      "product_id": "FUR-FU-10000397",
      "city": "Los Angeles",
      "profit": 22.3328,
      "state": "California",
      "zipcode": 90004,
      "row_id": 66,
      "region": "West",
      "ship_mode": "Standard Class",
      "order_id": "CA-2015-135545",
      "segment": "Consumer",
      "sub_category": "Furnishings",
      "order_date": "2015-11-24 00:00:00",
      "quantity": 4,
      "discount": 0,
      "country": "United States",
      "customer_name": "Kunst Miller",
      "product_name": "Luxo Economy Swing Arm Lamp",
      "customer_id": "KM-16720"
    },
    {
      "category": "Furniture",
      "sales": 213.115,
      "ship_date": "2015-05-05 00:00:00",
      "product_id": "FUR-CH-10001146",
      "city": "Chicago",
      "profit": -15.2225,
      "state": "Illinois",
      "zipcode": 60610,
      "row_id": 67,
      "region": "Central",
      "ship_mode": "Standard Class",
      "order_id": "US-2015-164175",
      "segment": "Home Office",
      "sub_category": "Chairs",
      "order_date": "2015-04-30 00:00:00",
      "quantity": 5,
      "discount": null,
      "country": "United States",
      "customer_name": "Paul Stevenson",
      "product_name": "Global Value Mid-Back Manager's Chair, Gray",
      "customer_id": "PS-18970"
    },
    {
      "category": "Office Supplies",
      "sales": 1113.024,
      "ship_date": "2014-12-10 00:00:00",
      "product_id": "OFF-AR-10002671",
      "city": "Gilbert",
      "profit": 111.3024,
      "state": "Arizona",
      "zipcode": 85234,
      "row_id": 68,
      "region": "West",
      "ship_mode": "Standard Class",
      "order_id": "CA-2014-106376",
      "segment": "Corporate",
      "sub_category": "Art",
      "order_date": "2014-12-05 00:00:00",
      "quantity": 8,
      "discount": null,
      "country": "United States",
      "customer_name": "Brendan Sweed",
      "product_name": "Hunt BOSTON Model 1606 High-Volume Electric Pencil Sharpener, Beige",
      "customer_id": "BS-11590"
    },
    {
      "category": "Technology",
      "sales": 167.968,
      "ship_date": "2014-12-10 00:00:00",
      "product_id": "TEC-PH-10002726",
      "city": "Gilbert",
      "profit": 62.988,
      "state": "Arizona",
      "zipcode": 85234,
      "row_id": 69,
      "region": "West",
      "ship_mode": "Standard Class",
      "order_id": "CA-2014-106376",
      "segment": "Corporate",
      "sub_category": "Phones",
      "order_date": "2014-12-05 00:00:00",
      "quantity": 4,
      "discount": null,
      "country": "United States",
      "customer_name": "Brendan Sweed",
      "product_name": "netTALK DUO VoIP Telephone Service",
      "customer_id": "BS-11590"
    },
    {
      "category": "Office Supplies",
      "sales": 75.88,
      "ship_date": "2016-06-06 00:00:00",
      "product_id": "OFF-PA-10000482",
      "city": "Springfield",
      "profit": 35.6636,
      "state": "Virginia",
      "zipcode": 22153,
      "row_id": 70,
      "region": "South",
      "ship_mode": "First Class",
      "order_id": "CA-2016-119823",
      "segment": "Consumer",
      "sub_category": "Paper",
      "order_date": "2016-06-04 00:00:00",
      "quantity": 2,
      "discount": 0,
      "country": "United States",
      "customer_name": "Karen Daniels",
      "product_name": "Snap-A-Way Black Print Carbonless Ruled Speed Letter, Triplicate",
      "customer_id": "KD-16270"
    },
    {
      "category": "Office Supplies",
      "sales": 4.616,
      "ship_date": "2016-09-23 00:00:00",
      "product_id": "OFF-BI-10004654",
      "city": "New York City",
      "profit": 1.731,
      "state": "New York",
      "zipcode": 10009,
      "row_id": 71,
      "region": "East",
      "ship_mode": "Standard Class",
      "order_id": "CA-2016-106075",
      "segment": "Consumer",
      "sub_category": "Binders",
      "order_date": "2016-09-18 00:00:00",
      "quantity": 1,
      "discount": null,
      "country": "United States",
      "customer_name": "Henry MacAllister",
      "product_name": "Avery Binding System Hidden Tab Executive Style Index Sets",
      "customer_id": "HM-14980"
    },
    {
      "category": "Office Supplies",
      "sales": 19.05,
      "ship_date": "2017-09-17 00:00:00",
      "product_id": "OFF-PA-10004675",
      "city": "Jackson",
      "profit": 8.763,
      "state": "Michigan",
      "zipcode": 49201,
      "row_id": 72,
      "region": "Central",
      "ship_mode": "Second Class",
      "order_id": "CA-2017-114440",
      "segment": "Consumer",
      "sub_category": "Paper",
      "order_date": "2017-09-14 00:00:00",
      "quantity": 3,
      "discount": 0,
      "country": "United States",
      "customer_name": "Tracy Blumstein",
      "product_name": "Telephone Message Books with Fax/Mobile Section, 5 1/2\" x 3 3/16\"",
      "customer_id": "TB-21520"
    },
    {
      "category": "Furniture",
      "sales": 831.936,
      "ship_date": "2015-05-02 00:00:00",
      "product_id": "FUR-CH-10000513",
      "city": "Memphis",
      "profit": -114.3912,
      "state": "Tennessee",
      "zipcode": 38109,
      "row_id": 73,
      "region": "South",
      "ship_mode": "Standard Class",
      "order_id": "US-2015-134026",
      "segment": "Consumer",
      "sub_category": "Chairs",
      "order_date": "2015-04-26 00:00:00",
      "quantity": 8,
      "discount": null,
      "country": "United States",
      "customer_name": "Joel Eaton",
      "product_name": "High-Back Leather Manager's Chair",
      "customer_id": "JE-15745"
    },
    {
      "category": "Furniture",
      "sales": 97.04,
      "ship_date": "2015-05-02 00:00:00",
      "product_id": "FUR-FU-10003708",
      "city": "Memphis",
      "profit": 1.213,
      "state": "Tennessee",
      "zipcode": 38109,
      "row_id": 74,
      "region": "South",
      "ship_mode": "Standard Class",
      "order_id": "US-2015-134026",
      "segment": "Consumer",
      "sub_category": "Furnishings",
      "order_date": "2015-04-26 00:00:00",
      "quantity": 2,
      "discount": null,
      "country": "United States",
      "customer_name": "Joel Eaton",
      "product_name": "Tenex Traditional Chairmats for Medium Pile Carpet, Standard Lip, 36\" x 48\"",
      "customer_id": "JE-15745"
    },
    {
      "category": "Office Supplies",
      "sales": 72.784,
      "ship_date": "2015-05-02 00:00:00",
      "product_id": "OFF-ST-10004123",
      "city": "Memphis",
      "profit": -18.196,
      "state": "Tennessee",
      "zipcode": 38109,
      "row_id": 75,
      "region": "South",
      "ship_mode": "Standard Class",
      "order_id": "US-2015-134026",
      "segment": "Consumer",
      "sub_category": "Storage",
      "order_date": "2015-04-26 00:00:00",
      "quantity": 1,
      "discount": null,
      "country": "United States",
      "customer_name": "Joel Eaton",
      "product_name": "Safco Industrial Wire Shelving System",
      "customer_id": "JE-15745"
    },
    {
      "category": "Office Supplies",
      "sales": 1.248,
      "ship_date": "2017-12-11 00:00:00",
      "product_id": "OFF-BI-10004182",
      "city": "Houston",
      "profit": -1.9344,
      "state": "Texas",
      "zipcode": 77041,
      "row_id": 76,
      "region": "Central",
      "ship_mode": "First Class",
      "order_id": "US-2017-118038",
      "segment": "Corporate",
      "sub_category": "Binders",
      "order_date": "2017-12-09 00:00:00",
      "quantity": 3,
      "discount": null,
      "country": "United States",
      "customer_name": "Ken Brennan",
      "product_name": "Economy Binders",
      "customer_id": "KB-16600"
    },
    {
      "category": "Furniture",
      "sales": 9.708,
      "ship_date": "2017-12-11 00:00:00",
      "product_id": "FUR-FU-10000260",
      "city": "Houston",
      "profit": -5.8248,
      "state": "Texas",
      "zipcode": 77041,
      "row_id": 77,
      "region": "Central",
      "ship_mode": "First Class",
      "order_id": "US-2017-118038",
      "segment": "Corporate",
      "sub_category": "Furnishings",
      "order_date": "2017-12-09 00:00:00",
      "quantity": 3,
      "discount": null,
      "country": "United States",
      "customer_name": "Ken Brennan",
      "product_name": "6\" Cubicle Wall Clock, Black",
      "customer_id": "KB-16600"
    },
    {
      "category": "Office Supplies",
      "sales": 27.24,
      "ship_date": "2017-12-11 00:00:00",
      "product_id": "OFF-ST-10000615",
      "city": "Houston",
      "profit": 2.724,
      "state": "Texas",
      "zipcode": 77041,
      "row_id": 78,
      "region": "Central",
      "ship_mode": "First Class",
      "order_id": "US-2017-118038",
      "segment": "Corporate",
      "sub_category": "Storage",
      "order_date": "2017-12-09 00:00:00",
      "quantity": 3,
      "discount": null,
      "country": "United States",
      "customer_name": "Ken Brennan",
      "product_name": "SimpliFile Personal File, Black Granite, 15w x 6-15/16d x 11-1/4h",
      "customer_id": "KB-16600"
    },
    {
      "category": "Furniture",
      "sales": 19.3,
      "ship_date": "2014-12-01 00:00:00",
      "product_id": "FUR-FU-10003194",
      "city": "Houston",
      "profit": -14.475,
      "state": "Texas",
      "zipcode": 77070,
      "row_id": 79,
      "region": "Central",
      "ship_mode": "Second Class",
      "order_id": "US-2014-147606",
      "segment": "Consumer",
      "sub_category": "Furnishings",
      "order_date": "2014-11-26 00:00:00",
      "quantity": 5,
      "discount": null,
      "country": "United States",
      "customer_name": "Joel Eaton",
      "product_name": "Eldon Expressions Desk Accessory, Wood Pencil Holder, Oak",
      "customer_id": "JE-15745"
    },
    {
      "category": "Office Supplies",
      "sales": 208.16,
      "ship_date": "2016-06-15 00:00:00",
      "product_id": "OFF-AP-10002118",
      "city": "Decatur",
      "profit": 56.2032,
      "state": "Alabama",
      "zipcode": 35601,
      "row_id": 80,
      "region": "South",
      "ship_mode": "First Class",
      "order_id": "CA-2016-127208",
      "segment": "Corporate",
      "sub_category": "Appliances",
      "order_date": "2016-06-12 00:00:00",
      "quantity": 1,
      "discount": 0,
      "country": "United States",
      "customer_name": "Stewart Carmichael",
      "product_name": "1.7 Cubic Foot Compact \"Cube\" Office Refrigerators",
      "customer_id": "SC-20770"
    },
    {
      "category": "Office Supplies",
      "sales": 16.74,
      "ship_date": "2016-06-15 00:00:00",
      "product_id": "OFF-BI-10002309",
      "city": "Decatur",
      "profit": 8.0352,
      "state": "Alabama",
      "zipcode": 35601,
      "row_id": 81,
      "region": "South",
      "ship_mode": "First Class",
      "order_id": "CA-2016-127208",
      "segment": "Corporate",
      "sub_category": "Binders",
      "order_date": "2016-06-12 00:00:00",
      "quantity": 3,
      "discount": 0,
      "country": "United States",
      "customer_name": "Stewart Carmichael",
      "product_name": "Avery Heavy-Duty EZD  Binder With Locking Rings",
      "customer_id": "SC-20770"
    },
    {
      "category": "Office Supplies",
      "sales": 14.9,
      "ship_date": "2014-10-16 00:00:00",
      "product_id": "OFF-AR-10002053",
      "city": "San Francisco",
      "profit": 4.172,
      "state": "California",
      "zipcode": 94122,
      "row_id": 82,
      "region": "West",
      "ship_mode": "Standard Class",
      "order_id": "CA-2014-139451",
      "segment": "Consumer",
      "sub_category": "Art",
      "order_date": "2014-10-12 00:00:00",
      "quantity": 5,
      "discount": 0,
      "country": "United States",
      "customer_name": "Duane Noonan",
      "product_name": "Premium Writing Pencils, Soft, #2 by Central Association for the Blind",
      "customer_id": "DN-13690"
    },
    {
      "category": "Office Supplies",
      "sales": 21.39,
      "ship_date": "2014-10-16 00:00:00",
      "product_id": "OFF-ST-10002370",
      "city": "San Francisco",
      "profit": 6.2031,
      "state": "California",
      "zipcode": 94122,
      "row_id": 83,
      "region": "West",
      "ship_mode": "Standard Class",
      "order_id": "CA-2014-139451",
      "segment": "Consumer",
      "sub_category": "Storage",
      "order_date": "2014-10-12 00:00:00",
      "quantity": 1,
      "discount": 0,
      "country": "United States",
      "customer_name": "Duane Noonan",
      "product_name": "Sortfiler Multipurpose Personal File Organizer, Black",
      "customer_id": "DN-13690"
    },
    {
      "category": "Office Supplies",
      "sales": 200.984,
      "ship_date": "2015-09-08 00:00:00",
      "product_id": "OFF-EN-10000927",
      "city": "Durham",
      "profit": 62.8075,
      "state": "North Carolina",
      "zipcode": 27707,
      "row_id": 84,
      "region": "South",
      "ship_mode": "Standard Class",
      "order_id": "CA-2015-149734",
      "segment": "Corporate",
      "sub_category": "Envelopes",
      "order_date": "2015-09-03 00:00:00",
      "quantity": 7,
      "discount": null,
      "country": "United States",
      "customer_name": "Julie Creighton",
      "product_name": "Jet-Pak Recycled Peel 'N' Seal Padded Mailers",
      "customer_id": "JC-16105"
    },
    {
      "category": "Office Supplies",
      "sales": 230.376,
      "ship_date": "2017-11-16 00:00:00",
      "product_id": "OFF-ST-10003656",
      "city": "Chicago",
      "profit": -48.9549,
      "state": "Illinois",
      "zipcode": 60623,
      "row_id": 85,
      "region": "Central",
      "ship_mode": "First Class",
      "order_id": "US-2017-119662",
      "segment": "Home Office",
      "sub_category": "Storage",
      "order_date": "2017-11-13 00:00:00",
      "quantity": 3,
      "discount": null,
      "country": "United States",
      "customer_name": "Christopher Schild",
      "product_name": "Safco Industrial Wire Shelving",
      "customer_id": "CS-12400"
    },
    {
      "category": "Furniture",
      "sales": 301.96,
      "ship_date": "2017-05-30 00:00:00",
      "product_id": "FUR-CH-10000863",
      "city": "Columbia",
      "profit": 33.2156,
      "state": "South Carolina",
      "zipcode": 29203,
      "row_id": 86,
      "region": "South",
      "ship_mode": "Second Class",
      "order_id": "CA-2017-140088",
      "segment": "Consumer",
      "sub_category": "Chairs",
      "order_date": "2017-05-28 00:00:00",
      "quantity": 2,
      "discount": 0,
      "country": "United States",
      "customer_name": "Patrick O'Donnell",
      "product_name": "Novimex Swivel Fabric Task Chair",
      "customer_id": "PO-18865"
    },
    {
      "category": "Technology",
      "sales": 19.99,
      "ship_date": "2017-11-02 00:00:00",
      "product_id": "TEC-AC-10001998",
      "city": "Rochester",
      "profit": 6.7966,
      "state": "Minnesota",
      "zipcode": 55901,
      "row_id": 87,
      "region": "Central",
      "ship_mode": "Standard Class",
      "order_id": "CA-2017-155558",
      "segment": "Consumer",
      "sub_category": "Accessories",
      "order_date": "2017-10-26 00:00:00",
      "quantity": 1,
      "discount": 0,
      "country": "United States",
      "customer_name": "Paul Gonzalez",
      "product_name": "Logitech\u00a0LS21 Speaker System - PC Multimedia - 2.1-CH - Wired",
      "customer_id": "PG-18895"
    },
    {
      "category": "Office Supplies",
      "sales": 6.16,
      "ship_date": "2017-11-02 00:00:00",
      "product_id": "OFF-LA-10000134",
      "city": "Rochester",
      "profit": 2.9568,
      "state": "Minnesota",
      "zipcode": 55901,
      "row_id": 88,
      "region": "Central",
      "ship_mode": "Standard Class",
      "order_id": "CA-2017-155558",
      "segment": "Consumer",
      "sub_category": "Labels",
      "order_date": "2017-10-26 00:00:00",
      "quantity": 2,
      "discount": 0,
      "country": "United States",
      "customer_name": "Paul Gonzalez",
      "product_name": "Avery 511",
      "customer_id": "PG-18895"
    },
    {
      "category": "Office Supplies",
      "sales": 158.368,
      "ship_date": "2016-04-10 00:00:00",
      "product_id": "OFF-ST-10003442",
      "city": "Houston",
      "profit": 13.8572,
      "state": "Texas",
      "zipcode": 77095,
      "row_id": 89,
      "region": "Central",
      "ship_mode": "Second Class",
      "order_id": "CA-2016-159695",
      "segment": "Home Office",
      "sub_category": "Storage",
      "order_date": "2016-04-05 00:00:00",
      "quantity": 7,
      "discount": null,
      "country": "United States",
      "customer_name": "Gary Mitchum",
      "product_name": "Eldon Portable Mobile Manager",
      "customer_id": "GM-14455"
    },
    {
      "category": "Office Supplies",
      "sales": 20.1,
      "ship_date": "2016-09-22 00:00:00",
      "product_id": "OFF-AR-10004930",
      "city": "Los Angeles",
      "profit": 6.633,
      "state": "California",
      "zipcode": 90036,
      "row_id": 90,
      "region": "West",
      "ship_mode": "Standard Class",
      "order_id": "CA-2016-109806",
      "segment": "Corporate",
      "sub_category": "Art",
      "order_date": "2016-09-17 00:00:00",
      "quantity": 3,
      "discount": 0,
      "country": "United States",
      "customer_name": "Jim Sink",
      "product_name": "Turquoise Lead Holder with Pocket Clip",
      "customer_id": "JS-15685"
    },
    {
      "category": "Technology",
      "sales": 73.584,
      "ship_date": "2016-09-22 00:00:00",
      "product_id": "TEC-PH-10004093",
      "city": "Los Angeles",
      "profit": 8.2782,
      "state": "California",
      "zipcode": 90036,
      "row_id": 91,
      "region": "West",
      "ship_mode": "Standard Class",
      "order_id": "CA-2016-109806",
      "segment": "Corporate",
      "sub_category": "Phones",
      "order_date": "2016-09-17 00:00:00",
      "quantity": 2,
      "discount": null,
      "country": "United States",
      "customer_name": "Jim Sink",
      "product_name": "Panasonic Kx-TS550",
      "customer_id": "JS-15685"
    },
    {
      "category": "Office Supplies",
      "sales": 6.48,
      "ship_date": "2016-09-22 00:00:00",
      "product_id": "OFF-PA-10000304",
      "city": "Los Angeles",
      "profit": 3.1104,
      "state": "California",
      "zipcode": 90036,
      "row_id": 92,
      "region": "West",
      "ship_mode": "Standard Class",
      "order_id": "CA-2016-109806",
      "segment": "Corporate",
      "sub_category": "Paper",
      "order_date": "2016-09-17 00:00:00",
      "quantity": 1,
      "discount": 0,
      "country": "United States",
      "customer_name": "Jim Sink",
      "product_name": "Xerox 1995",
      "customer_id": "JS-15685"
    },
    {
      "category": "Office Supplies",
      "sales": 12.96,
      "ship_date": "2015-02-05 00:00:00",
      "product_id": "OFF-PA-10003177",
      "city": "Minneapolis",
      "profit": 6.2208,
      "state": "Minnesota",
      "zipcode": 55407,
      "row_id": 93,
      "region": "Central",
      "ship_mode": "Second Class",
      "order_id": "CA-2015-149587",
      "segment": "Consumer",
      "sub_category": "Paper",
      "order_date": "2015-01-31 00:00:00",
      "quantity": 2,
      "discount": 0,
      "country": "United States",
      "customer_name": "Karl Braun",
      "product_name": "Xerox 1999",
      "customer_id": "KB-16315"
    },
    {
      "category": "Furniture",
      "sales": 53.34,
      "ship_date": "2015-02-05 00:00:00",
      "product_id": "FUR-FU-10003799",
      "city": "Minneapolis",
      "profit": 16.5354,
      "state": "Minnesota",
      "zipcode": 55407,
      "row_id": 94,
      "region": "Central",
      "ship_mode": "Second Class",
      "order_id": "CA-2015-149587",
      "segment": "Consumer",
      "sub_category": "Furnishings",
      "order_date": "2015-01-31 00:00:00",
      "quantity": 3,
      "discount": 0,
      "country": "United States",
      "customer_name": "Karl Braun",
      "product_name": "Seth Thomas 13 1/2\" Wall Clock",
      "customer_id": "KB-16315"
    },
    {
      "category": "Office Supplies",
      "sales": 32.96,
      "ship_date": "2015-02-05 00:00:00",
      "product_id": "OFF-BI-10002852",
      "city": "Minneapolis",
      "profit": 16.1504,
      "state": "Minnesota",
      "zipcode": 55407,
      "row_id": 95,
      "region": "Central",
      "ship_mode": "Second Class",
      "order_id": "CA-2015-149587",
      "segment": "Consumer",
      "sub_category": "Binders",
      "order_date": "2015-01-31 00:00:00",
      "quantity": 2,
      "discount": 0,
      "country": "United States",
      "customer_name": "Karl Braun",
      "product_name": "Ibico Standard Transparent Covers",
      "customer_id": "KB-16315"
    },
    {
      "category": "Office Supplies",
      "sales": 5.682,
      "ship_date": "2017-11-12 00:00:00",
      "product_id": "OFF-BI-10004738",
      "city": "Portland",
      "profit": -3.788,
      "state": "Oregon",
      "zipcode": 97206,
      "row_id": 96,
      "region": "West",
      "ship_mode": "Standard Class",
      "order_id": "US-2017-109484",
      "segment": "Home Office",
      "sub_category": "Binders",
      "order_date": "2017-11-06 00:00:00",
      "quantity": 1,
      "discount": null,
      "country": "United States",
      "customer_name": "Roger Barcio",
      "product_name": "Flexible Leather- Look Classic Collection Ring Binder",
      "customer_id": "RB-19705"
    },
    {
      "category": "Furniture",
      "sales": 96.53,
      "ship_date": "2017-11-11 00:00:00",
      "product_id": "FUR-FU-10000629",
      "city": "New York City",
      "profit": 40.5426,
      "state": "New York",
      "zipcode": 10009,
      "row_id": 97,
      "region": "East",
      "ship_mode": "Second Class",
      "order_id": "CA-2017-161018",
      "segment": "Home Office",
      "sub_category": "Furnishings",
      "order_date": "2017-11-09 00:00:00",
      "quantity": 7,
      "discount": 0,
      "country": "United States",
      "customer_name": "Parhena Norris",
      "product_name": "9-3/4 Diameter Round Wall Clock",
      "customer_id": "PN-18775"
    },
    {
      "category": "Office Supplies",
      "sales": 51.312,
      "ship_date": "2017-06-20 00:00:00",
      "product_id": "OFF-BI-10001721",
      "city": "San Francisco",
      "profit": 17.9592,
      "state": "California",
      "zipcode": 94122,
      "row_id": 98,
      "region": "West",
      "ship_mode": "First Class",
      "order_id": "CA-2017-157833",
      "segment": "Consumer",
      "sub_category": "Binders",
      "order_date": "2017-06-17 00:00:00",
      "quantity": 3,
      "discount": null,
      "country": "United States",
      "customer_name": "Katherine Ducich",
      "product_name": "Trimflex Flexible Post Binders",
      "customer_id": "KD-16345"
    },
    {
      "category": "Office Supplies",
      "sales": 77.88,
      "ship_date": "2016-09-11 00:00:00",
      "product_id": "OFF-AP-10000358",
      "city": "Saint Paul",
      "profit": 22.5852,
      "state": "Minnesota",
      "zipcode": 55106,
      "row_id": 99,
      "region": "Central",
      "ship_mode": "Standard Class",
      "order_id": "CA-2016-149223",
      "segment": "Corporate",
      "sub_category": "Appliances",
      "order_date": "2016-09-06 00:00:00",
      "quantity": 6,
      "discount": 0,
      "country": "United States",
      "customer_name": "Elpida Rittenbach",
      "product_name": "Fellowes Basic Home/Office Series Surge Protectors",
      "customer_id": "ER-13855"
    },
    {
      "category": "Office Supplies",
      "sales": 64.624,
      "ship_date": "2016-09-02 00:00:00",
      "product_id": "OFF-PA-10003256",
      "city": "Chicago",
      "profit": 22.6184,
      "state": "Illinois",
      "zipcode": 60610,
      "row_id": 100,
      "region": "Central",
      "ship_mode": "Standard Class",
      "order_id": "CA-2016-158568",
      "segment": "Home Office",
      "sub_category": "Paper",
      "order_date": "2016-08-29 00:00:00",
      "quantity": 7,
      "discount": null,
      "country": "United States",
      "customer_name": "Rick Bensley",
      "product_name": "Avery Personal Creations Heavyweight Cards",
      "customer_id": "RB-19465"
    }
  ]
}